
 @ARTICLE{Ryan16,
     author = {{Ryan}, D.F. and {Dominique}, M. and {Seaton}, D. and {Stegen}, K. and {}, and {White}, A.},
     title = "{Effects of flare definitions on the statistics of derived flare distributions}",
     journal = {Astronomy and Astrophysics},
     year = 2016,
     volume = 592,
     doi = {10.1051/0004-6361/201628130},
 }
 
 
 